<record><leader>00000cas a22000007a 4500</leader><controlfield tag="001">10127390</controlfield><controlfield tag="008">831114d18681890meuwr ne      0    0eng d</controlfield><datafield ind1=" " ind2=" " tag="010"><subfield code="a">sn 83021377 </subfield></datafield><datafield ind1=" " ind2=" " tag="040"><subfield code="a">NPX</subfield><subfield code="b">eng</subfield><subfield code="c">NPX</subfield><subfield code="d">NPU</subfield><subfield code="d">MBN</subfield><subfield code="d">OCLCQ</subfield><subfield code="d">OCLCF</subfield><subfield code="d">OCLCO</subfield></datafield><datafield ind1="1" ind2=" " tag="029"><subfield code="a">AU@</subfield><subfield code="b">000020663716</subfield></datafield><datafield ind1=" " ind2=" " tag="042"><subfield code="a">msc</subfield></datafield><datafield ind1=" " ind2=" " tag="043"><subfield code="a">n-us-me</subfield></datafield><datafield ind1="0" ind2="0" tag="245"><subfield code="a">Rockland free press.</subfield></datafield><datafield ind1=" " ind2=" " tag="260"><subfield code="a">Rockland, Me. :</subfield><subfield code="b">A. &amp; E. Sprague</subfield></datafield><datafield ind1=" " ind2=" " tag="300"><subfield code="a">v. ;</subfield><subfield code="c">69 cm.</subfield></datafield><datafield ind1=" " ind2=" " tag="310"><subfield code="a">Weekly</subfield></datafield><datafield ind1="0" ind2=" " tag="362"><subfield code="a">Vol. 13, no. 35 (June 10, 1868)-</subfield></datafield><datafield ind1="1" ind2=" " tag="362"><subfield code="a">Ceased in 1890.</subfield><subfield code="z">Cf. Gregory, W. Amer. newspapers.</subfield></datafield><datafield ind1=" " ind2=" " tag="500"><subfield code="a">Republican. Cf. Rowell, 1873.</subfield></datafield><datafield ind1=" " ind2=" " tag="500"><subfield code="a">Editor: E. Sprague, 1869-&lt;1876&gt;.</subfield></datafield><datafield ind1=" " ind2="0" tag="651"><subfield code="a">Rockland (Me.)</subfield><subfield code="v">Newspapers.</subfield></datafield><datafield ind1=" " ind2="7" tag="655"><subfield code="a">Newspapers.</subfield><subfield code="2">fast</subfield><subfield code="0">(OCoLC)fst01423814</subfield></datafield><datafield ind1=" " ind2="7" tag="651"><subfield code="a">Maine</subfield><subfield code="z">Rockland.</subfield><subfield code="2">fast</subfield><subfield code="0">(OCoLC)fst01223542</subfield></datafield><datafield ind1="1" ind2=" " tag="700"><subfield code="a">Sprague, Edwin.</subfield></datafield><datafield ind1=" " ind2=" " tag="752"><subfield code="a">United States</subfield><subfield code="b">Maine</subfield><subfield code="c">Knox</subfield><subfield code="d">Rockland.</subfield></datafield><datafield ind1="0" ind2="0" tag="780"><subfield code="t">Democrat and free press</subfield><subfield code="w">(DLC)sn 83021376</subfield></datafield><datafield ind1="0" ind2="0" tag="785"><subfield code="t">Rockland tribune</subfield><subfield code="w">(DLC)sn 96075075</subfield></datafield><datafield ind1=" " ind2=" " tag="936"><subfield code="a">1876 Oct. 4</subfield></datafield></record>